<record><leader>00000cas a2200000 a 4500</leader><controlfield tag="001">20556575</controlfield><controlfield tag="008">891027d1904199uokuir ne      0   a0eng d</controlfield><datafield ind1=" " ind2=" " tag="010"><subfield code="a">sn 93066244 </subfield></datafield><datafield ind1=" " ind2=" " tag="040"><subfield code="a">OKN</subfield><subfield code="b">eng</subfield><subfield code="c">OKN</subfield><subfield code="d">OBN</subfield><subfield code="d">NSD</subfield><subfield code="d">OBN</subfield><subfield code="d">NSD</subfield><subfield code="d">OCL</subfield><subfield code="d">OCLCQ</subfield></datafield><datafield ind1=" " ind2=" " tag="012"><subfield code="j">0</subfield><subfield code="m">d</subfield></datafield><datafield ind1="1" ind2=" " tag="022"><subfield code="a">1089-6392</subfield><subfield code="l">1089-6392</subfield><subfield code="2">1</subfield></datafield><datafield ind1=" " ind2=" " tag="042"><subfield code="a">msc</subfield><subfield code="a">nsdp</subfield></datafield><datafield ind1=" " ind2="4" tag="222"><subfield code="a">The Grove sun</subfield></datafield><datafield ind1="0" ind2="4" tag="245"><subfield code="a">The Grove sun.</subfield></datafield><datafield ind1=" " ind2=" " tag="260"><subfield code="a">Grove, Indian Territory [Okla.] :</subfield><subfield code="b">J.H. Gibson</subfield></datafield><datafield ind1=" " ind2=" " tag="300"><subfield code="a">v.</subfield></datafield><datafield ind1=" " ind2=" " tag="310"><subfield code="a">Triweekly,</subfield><subfield code="b">May 2, 1996-</subfield></datafield><datafield ind1=" " ind2=" " tag="321"><subfield code="a">Semiweekly,</subfield><subfield code="b">Jan. 3, 1976-Apr. 24, 1996</subfield></datafield><datafield ind1=" " ind2=" " tag="321"><subfield code="a">Weekly,</subfield><subfield code="b">July 1901-Dec. 25, 1975</subfield></datafield><datafield ind1=" " ind2=" " tag="588"><subfield code="a">Description based on: Vol. 5, no. 32 (Oct. 7, 1904).</subfield></datafield><datafield ind1=" " ind2=" " tag="588"><subfield code="a">Latest issue consulted: Vol. 98, no. 56 (June 27, 1996).</subfield></datafield><datafield ind1=" " ind2="4" tag="651"><subfield code="a">Grove (Okla.)</subfield><subfield code="v">Newspapers.</subfield></datafield><datafield ind1=" " ind2="4" tag="651"><subfield code="a">Delaware County (Okla.)</subfield><subfield code="v">Newspapers.</subfield></datafield><datafield ind1=" " ind2="4" tag="651"><subfield code="a">Indian Territory (Okla.)</subfield><subfield code="v">Newspapers.</subfield></datafield><datafield ind1=" " ind2=" " tag="752"><subfield code="a">United States</subfield><subfield code="b">Oklahoma</subfield><subfield code="c">Delaware</subfield><subfield code="d">Grove.</subfield></datafield><datafield ind1="0" ind2="0" tag="780"><subfield code="t">Grove messenger</subfield></datafield><datafield ind1="0" ind2="5" tag="780"><subfield code="t">Delaware County news</subfield><subfield code="w">(DLC)sn 93066245</subfield><subfield code="w">(OCoLC)29374622</subfield></datafield><datafield ind1="0" ind2="5" tag="780"><subfield code="t">Jay record (Jay, Okla. : 1930)</subfield><subfield code="w">(DLC)sn 93066243</subfield><subfield code="w">(OCoLC)29374070</subfield></datafield><datafield ind1="0" ind2="0" tag="785"><subfield code="g">rove sun daily</subfield><subfield code="x">1525-5654</subfield><subfield code="w">(DLC)sn 99004101</subfield></datafield><datafield ind1="1" ind2=" " tag="029"><subfield code="a">AU@</subfield><subfield code="b">000012678689</subfield></datafield></record>